%% This BibTeX bibliography file was created using BibDesk.
%% http://bibdesk.sourceforge.net/


%% Created for Samantha Benincasa at 2014-06-20 14:30:51 -0400 


%% Saved with string encoding Unicode (UTF-8) 


@string{aa = {A{\&}A}}

@string{aas = {A{\&}AS}}

@string{aj = {AJ}}

@string{apj = {ApJ}}

@string{apjl = {ApJL}}

@string{apjs = {ApJS}}

@string{apss = {ApSS}}

@string{araa = {ARA{\&}A}}

@string{baas = {BAAS}}

@string{jrasc = {JRASC}}

@string{mnras = {MNRAS}}

@string{nat = {Nature}}

@string{pasp = {PASP}}

@string{pasa = {PASA}}

@string{va = {Vistas in Astron.}}

@ARTICLE{abazajian2009,
   author = {{Abazajian}, K.~N. and {Adelman-McCarthy}, J.~K. and {Ag{\"u}eros}, M.~A. and 
	{Allam}, S.~S. and {Allende Prieto}, C. and {An}, D. and {Anderson}, K.~S.~J. and 
	{Anderson}, S.~F. and {Annis}, J. and {Bahcall}, N.~A. and et al.},
    title = "{The Seventh Data Release of the Sloan Digital Sky Survey}",
  journal = {\apjs},
archivePrefix = "arXiv",
   eprint = {0812.0649},
 keywords = {atlases, catalogs, surveys},
     year = 2009,
    month = jun,
   volume = 182,
      eid = {543-558},
    pages = {543-558},
      doi = {10.1088/0067-0049/182/2/543},
   adsurl = {http://adsabs.harvard.edu/abs/2009ApJS..182..543A},
  adsnote = {Provided by the SAO/NASA Astrophysics Data System}
}


@ARTICLE{ball2008,
   author = {{Ball}, N.~M. and {Loveday}, J. and {Brunner}, R.~J.},
    title = "{Galaxy colour, morphology and environment in the Sloan Digital Sky Survey}",
  journal = {\mnras},
   eprint = {astro-ph/0610171},
 keywords = {methods: data analysis , methods: statistical , galaxies: fundamental parameters , galaxies: statistics , cosmology: observations},
     year = 2008,
    month = jan,
   volume = 383,
    pages = {907-922},
      doi = {10.1111/j.1365-2966.2007.12627.x},
   adsurl = {http://adsabs.harvard.edu/abs/2008MNRAS.383..907B},
  adsnote = {Provided by the SAO/NASA Astrophysics Data System}
}

@ARTICLE{balogh2000,
   author = {{Balogh}, M.~L. and {Navarro}, J.~F. and {Morris}, S.~L.},
    title = "{The Origin of Star Formation Gradients in Rich Galaxy Clusters}",
  journal = {\apj},
   eprint = {astro-ph/0004078},
 keywords = {Galaxies: Clusters: General, Galaxies: Evolution, Galaxies: Stellar Content, Stars: Formation},
     year = 2000,
    month = sep,
   volume = 540,
    pages = {113-121},
      doi = {10.1086/309323},
   adsurl = {http://adsabs.harvard.edu/abs/2000ApJ...540..113B},
  adsnote = {Provided by the SAO/NASA Astrophysics Data System}
}

@ARTICLE{balogh2014,
   author = {{Balogh}, M.~L. and {McGee}, S.~L. and {Mok}, A. and {Wilman}, D.~J. and 
	{Finoguenov}, A. and {Bower}, R.~G. and {Mulchaey}, J.~S. and 
	{Parker}, L.~C. and {Tanaka}, M.},
    title = "{The GEEC2 spectroscopic survey of Galaxy groups at 0.8 $\lt$ z $\lt$ 1}",
  journal = {\mnras},
archivePrefix = "arXiv",
   eprint = {1406.4528},
 keywords = {galaxies: evolution, galaxies: groups: general},
     year = 2014,
    month = sep,
   volume = 443,
    pages = {2679-2694},
      doi = {10.1093/mnras/stu1332},
   adsurl = {http://adsabs.harvard.edu/abs/2014MNRAS.443.2679B},
  adsnote = {Provided by the SAO/NASA Astrophysics Data System}
}

@ARTICLE{blanton2007,
   author = {{Blanton}, M.~R. and {Roweis}, S.},
    title = "{K-Corrections and Filter Transformations in the Ultraviolet, Optical, and Near-Infrared}",
  journal = {\aj},
   eprint = {astro-ph/0606170},
 keywords = {galaxies: fundamental parameters, galaxies: photometry, galaxies: statistics},
     year = 2007,
    month = feb,
   volume = 133,
    pages = {734-754},
      doi = {10.1086/510127},
   adsurl = {http://adsabs.harvard.edu/abs/2007AJ....133..734B},
  adsnote = {Provided by the SAO/NASA Astrophysics Data System}
}

@ARTICLE{blanton2005a,
   author = {{Blanton}, M.~R. and {Schlegel}, D.~J. and {Strauss}, M.~A. and 
	{Brinkmann}, J. and {Finkbeiner}, D. and {Fukugita}, M. and 
	{Gunn}, J.~E. and {Hogg}, D.~W. and {Ivezi{\'c}}, {\v Z}. and 
	{Knapp}, G.~R. and {Lupton}, R.~H. and {Munn}, J.~A. and {Schneider}, D.~P. and 
	{Tegmark}, M. and {Zehavi}, I.},
    title = "{New York University Value-Added Galaxy Catalog: A Galaxy Catalog Based on New Public Surveys}",
  journal = {\aj},
   eprint = {astro-ph/0410166},
 keywords = {Galaxies: Distances and Redshifts, Galaxies: Photometry, Galaxies: Statistics},
     year = 2005,
    month = jun,
   volume = 129,
    pages = {2562-2578},
      doi = {10.1086/429803},
   adsurl = {http://adsabs.harvard.edu/abs/2005AJ....129.2562B},
  adsnote = {Provided by the SAO/NASA Astrophysics Data System}
}

@ARTICLE{blanton2005b,
   author = {{Blanton}, M.~R. and {Eisenstein}, D. and {Hogg}, D.~W. and 
	{Schlegel}, D.~J. and {Brinkmann}, J.},
    title = "{Relationship between Environment and the Broadband Optical Properties of Galaxies in the Sloan Digital Sky Survey}",
  journal = {\apj},
   eprint = {astro-ph/0310453},
 keywords = {Galaxies: Clusters: General, Galaxies: Evolution, Galaxies: Fundamental Parameters, Galaxies: Statistics},
     year = 2005,
    month = aug,
   volume = 629,
    pages = {143-157},
      doi = {10.1086/422897},
   adsurl = {http://adsabs.harvard.edu/abs/2005ApJ...629..143B},
  adsnote = {Provided by the SAO/NASA Astrophysics Data System}
}

@ARTICLE{boylan2008,
   author = {{Boylan-Kolchin}, M. and {Ma}, C.-P. and {Quataert}, E.},
    title = "{Dynamical friction and galaxy merging time-scales}",
  journal = {\mnras},
archivePrefix = "arXiv",
   eprint = {0707.2960},
 keywords = {galaxies: evolution , galaxies: formation},
     year = 2008,
    month = jan,
   volume = 383,
    pages = {93-101},
      doi = {10.1111/j.1365-2966.2007.12530.x},
   adsurl = {http://adsabs.harvard.edu/abs/2008MNRAS.383...93B},
  adsnote = {Provided by the SAO/NASA Astrophysics Data System}
}


@ARTICLE{brough2006,
   author = {{Brough}, S. and {Forbes}, D.~A. and {Kilborn}, V.~A. and {Couch}, W.
	},
    title = "{Southern GEMS groups - I. Dynamical properties}",
  journal = {\mnras},
   eprint = {astro-ph/0605279},
 keywords = {surveys: galaxies: evolution: galaxies: formation: galaxies: fundamental parameters, surveys, galaxies: evolution, galaxies: formation, galaxies: fundamental parameters},
     year = 2006,
    month = aug,
   volume = 370,
    pages = {1223-1246},
      doi = {10.1111/j.1365-2966.2006.10542.x},
   adsurl = {http://adsabs.harvard.edu/abs/2006MNRAS.370.1223B},
  adsnote = {Provided by the SAO/NASA Astrophysics Data System}
}

@ARTICLE{cameron2011,
   author = {{Cameron}, E.},
    title = "{On the Estimation of Confidence Intervals for Binomial Population Proportions in Astronomy: The Simplicity and Superiority of the Bayesian Approach}",
  journal = {\pasa},
archivePrefix = "arXiv",
   eprint = {1012.0566},
 primaryClass = "astro-ph.IM",
 keywords = {methods: data analysis, methods: statistical,},
     year = 2011,
    month = jun,
   volume = 28,
    pages = {128-139},
      doi = {10.1071/AS10046},
   adsurl = {http://adsabs.harvard.edu/abs/2011PASA...28..128C},
  adsnote = {Provided by the SAO/NASA Astrophysics Data System}
}

@ARTICLE{carlberg1997,
   author = {{Carlberg}, R.~G. and {Yee}, H.~K.~C. and {Ellingson}, E. and 
	{Morris}, S.~L. and {Abraham}, R. and {Gravel}, P. and {Pritchet}, C.~J. and 
	{Smecker-Hane}, T. and {Hartwick}, F.~D.~A. and {Hesser}, J.~E. and 
	{Hutchings}, J.~B. and {Oke}, J.~B.},
    title = "{The Average Mass Profile of Galaxy Clusters}",
  journal = {\apjl},
   eprint = {astro-ph/9703107},
 keywords = {GALAXIES: CLUSTERS: GENERAL, COSMOLOGY: LARGE-SCALE STRUCTURE OF UNIVERSE, Galaxies: Clusters: General, Cosmology: Large-Scale Structure of Universe},
     year = 1997,
    month = aug,
   volume = 485,
    pages = {L13-L16},
      doi = {10.1086/310801},
   adsurl = {http://adsabs.harvard.edu/abs/1997ApJ...485L..13C},
  adsnote = {Provided by the SAO/NASA Astrophysics Data System}
}

@ARTICLE{chabrier2003,
   author = {{Chabrier}, G.},
    title = "{Galactic Stellar and Substellar Initial Mass Function}",
  journal = {\pasp},
   eprint = {astro-ph/0304382},
 keywords = {Galaxies: Luminosity Function, Mass Function, Invited Reviews},
     year = 2003,
    month = jul,
   volume = 115,
    pages = {763-795},
      doi = {10.1086/376392},
   adsurl = {http://adsabs.harvard.edu/abs/2003PASP..115..763C},
  adsnote = {Provided by the SAO/NASA Astrophysics Data System}
}


@ARTICLE{chandrasekhar1943,
   author = {{Chandrasekhar}, S.},
    title = "{Dynamical Friction. I. General Considerations: the Coefficient of Dynamical Friction.}",
  journal = {\apj},
     year = 1943,
    month = mar,
   volume = 97,
    pages = {255},
      doi = {10.1086/144517},
   adsurl = {http://adsabs.harvard.edu/abs/1943ApJ....97..255C},
  adsnote = {Provided by the SAO/NASA Astrophysics Data System}
}

@ARTICLE{conroy2007,
   author = {{Conroy}, C. and {Ho}, S. and {White}, M.},
    title = "{Constraints on the merging time-scale of luminous red galaxies, or, where do all the haloes go?}",
  journal = {\mnras},
archivePrefix = "arXiv",
   eprint = {0706.0520},
 keywords = {galaxies: elliptical and lenticular, cD, galaxies: evolution, galaxies: general, galaxies: haloes},
     year = 2007,
    month = aug,
   volume = 379,
    pages = {1491-1497},
      doi = {10.1111/j.1365-2966.2007.12033.x},
   adsurl = {http://adsabs.harvard.edu/abs/2007MNRAS.379.1491C},
  adsnote = {Provided by the SAO/NASA Astrophysics Data System}
}

@ARTICLE{delucia2012,
   author = {{De Lucia}, G. and {Weinmann}, S. and {Poggianti}, B.~M. and 
	{Arag{\'o}n-Salamanca}, A. and {Zaritsky}, D.},
    title = "{The environmental history of group and cluster galaxies in a {$\Lambda$} cold dark matter universe}",
  journal = {\mnras},
archivePrefix = "arXiv",
   eprint = {1111.6590},
 keywords = {galaxies: clusters: general, galaxies: evolution, galaxies: formation},
     year = 2012,
    month = jun,
   volume = 423,
    pages = {1277-1292},
      doi = {10.1111/j.1365-2966.2012.20983.x},
   adsurl = {http://adsabs.harvard.edu/abs/2012MNRAS.423.1277D},
  adsnote = {Provided by the SAO/NASA Astrophysics Data System}
}

@ARTICLE{eke2005,
   author = {{Eke}, V.~R. and {Baugh}, C.~M. and {Cole}, S. and {Frenk}, C.~S. and 
	{King}, H.~M. and {Peacock}, J.~A.},
    title = "{Where are the stars?}",
  journal = {\mnras},
   eprint = {astro-ph/0412049},
 keywords = {galaxies: clusters: general, galaxies: haloes, galaxies: stellar content, large-scale structure of Universe},
     year = 2005,
    month = oct,
   volume = 362,
    pages = {1233-1246},
      doi = {10.1111/j.1365-2966.2005.09384.x},
   adsurl = {http://adsabs.harvard.edu/abs/2005MNRAS.362.1233E},
  adsnote = {Provided by the SAO/NASA Astrophysics Data System}
}

@ARTICLE{gan2010,
   author = {{Gan}, J.-L. and {Kang}, X. and {Hou}, J.-L. and {Chang}, R.-X.
	},
    title = "{Modeling the dynamical friction timescale of a sinking satellite}",
  journal = {Research in Astronomy and Astrophysics},
archivePrefix = "arXiv",
   eprint = {1007.2193},
     year = 2010,
    month = dec,
   volume = 10,
    pages = {1242-1254},
      doi = {10.1088/1674-4527/10/12/005},
   adsurl = {http://adsabs.harvard.edu/abs/2010RAA....10.1242G},
  adsnote = {Provided by the SAO/NASA Astrophysics Data System}
}

@ARTICLE{geller1983,
   author = {{Geller}, M.~J. and {Huchra}, J.~P.},
    title = "{Groups of galaxies. III - The CfA survey}",
  journal = {\apjs},
 keywords = {Astronomical Catalogs, Galactic Clusters, Red Shift, Algorithms, Luminosity},
     year = 1983,
    month = jun,
   volume = 52,
    pages = {61-87},
      doi = {10.1086/190859},
   adsurl = {http://adsabs.harvard.edu/abs/1983ApJS...52...61G},
  adsnote = {Provided by the SAO/NASA Astrophysics Data System}
}

@ARTICLE{hogg2004,
   author = {{Hogg}, D.~W. and {Blanton}, M.~R. and {Brinchmann}, J. and 
	{Eisenstein}, D.~J. and {Schlegel}, D.~J. and {Gunn}, J.~E. and 
	{McKay}, T.~A. and {Rix}, H.-W. and {Bahcall}, N.~A. and {Brinkmann}, J. and 
	{Meiksin}, A.},
    title = "{The Dependence on Environment of the Color-Magnitude Relation of Galaxies}",
  journal = {\apjl},
   eprint = {astro-ph/0307336},
 keywords = {Cosmology: Observations, Galaxies: Clusters: General, Galaxies: Elliptical and Lenticular, cD, Galaxies: Evolution, Galaxies: Fundamental Parameters, Galaxies: Statistics},
     year = 2004,
    month = jan,
   volume = 601,
    pages = {L29-L32},
      doi = {10.1086/381749},
   adsurl = {http://adsabs.harvard.edu/abs/2004ApJ...601L..29H},
  adsnote = {Provided by the SAO/NASA Astrophysics Data System}
}

@ARTICLE{hou2014,
   author = {{Hou}, A. and {Parker}, L.~C. and {Harris}, W.~E.},
    title = "{The pre-processing of subhaloes in SDSS groups and clusters}",
  journal = {\mnras},
archivePrefix = "arXiv",
   eprint = {1404.7504},
 keywords = {galaxies: clusters: general, galaxies: formation, galaxies: groups: general},
     year = 2014,
    month = jul,
   volume = 442,
    pages = {406-418},
      doi = {10.1093/mnras/stu829},
   adsurl = {http://adsabs.harvard.edu/abs/2014MNRAS.442..406H},
  adsnote = {Provided by the SAO/NASA Astrophysics Data System}
}

@ARTICLE{jiang2008,
   author = {{Jiang}, C.~Y. and {Jing}, Y.~P. and {Faltenbacher}, A. and 
	{Lin}, W.~P. and {Li}, C.},
    title = "{A Fitting Formula for the Merger Timescale of Galaxies in Hierarchical Clustering}",
  journal = {\apj},
archivePrefix = "arXiv",
   eprint = {0707.2628},
 keywords = {dark matter, galaxies: clusters: general, galaxies: kinematics and dynamics, methods: numerical },
     year = 2008,
    month = mar,
   volume = 675,
      eid = {1095-1105},
    pages = {1095-1105},
      doi = {10.1086/526412},
   adsurl = {http://adsabs.harvard.edu/abs/2008ApJ...675.1095J},
  adsnote = {Provided by the SAO/NASA Astrophysics Data System}
}

@ARTICLE{mcgee2009,
   author = {{McGee}, S.~L. and {Balogh}, M.~L. and {Bower}, R.~G. and {Font}, A.~S. and 
	{McCarthy}, I.~G.},
    title = "{The accretion of galaxies into groups and clusters}",
  journal = {\mnras},
archivePrefix = "arXiv",
   eprint = {0908.0750},
 keywords = {galaxies: clusters: general , galaxies: evolution , galaxies: formation},
     year = 2009,
    month = dec,
   volume = 400,
    pages = {937-950},
      doi = {10.1111/j.1365-2966.2009.15507.x},
   adsurl = {http://adsabs.harvard.edu/abs/2009MNRAS.400..937M},
  adsnote = {Provided by the SAO/NASA Astrophysics Data System}
}


@ARTICLE{oemler1974,
   author = {{Oemler}, Jr., A.},
    title = "{The Systematic Properties of Clusters of Galaxies. Photometry of 15 Clusters}",
  journal = {\apj},
     year = 1974,
    month = nov,
   volume = 194,
    pages = {1-20},
      doi = {10.1086/153216},
   adsurl = {http://adsabs.harvard.edu/abs/1974ApJ...194....1O},
  adsnote = {Provided by the SAO/NASA Astrophysics Data System}
}

@ARTICLE{poggianti2008,
   author = {{Poggianti}, B.~M. and {Desai}, V. and {Finn}, R. and {Bamford}, S. and 
	{De Lucia}, G. and {Varela}, J. and {Arag{\'o}n-Salamanca}, A. and 
	{Halliday}, C. and {Noll}, S. and {Saglia}, R. and {Zaritsky}, D. and 
	{Best}, P. and {Clowe}, D. and {Milvang-Jensen}, B. and {Jablonka}, P. and 
	{Pell{\'o}}, R. and {Rudnick}, G. and {Simard}, L. and {von der Linden}, A. and 
	{White}, S.},
    title = "{The Relation between Star Formation, Morphology, and Local Density in High-Redshift Clusters and Groups}",
  journal = {\apj},
archivePrefix = "arXiv",
   eprint = {0805.1145},
 keywords = {galaxies: clusters: general, galaxies: evolution, galaxies: stellar content },
     year = 2008,
    month = sep,
   volume = 684,
      eid = {888-904},
    pages = {888-904},
      doi = {10.1086/589936},
   adsurl = {http://adsabs.harvard.edu/abs/2008ApJ...684..888P},
  adsnote = {Provided by the SAO/NASA Astrophysics Data System}
}

@ARTICLE{pracy2005,
   author = {{Pracy}, M.~B. and {Driver}, S.~P. and {De Propris}, R. and 
	{Couch}, W.~J. and {Nulsen}, P.~E.~J.},
    title = "{Luminosity segregation in three clusters of galaxies (A119, A2443, A2218)}",
  journal = {\mnras},
   eprint = {astro-ph/0510129},
 keywords = {galaxies: clusters: general, galaxies: luminosity function, mass function},
     year = 2005,
    month = dec,
   volume = 364,
    pages = {1147-1157},
      doi = {10.1111/j.1365-2966.2005.09686.x},
   adsurl = {http://adsabs.harvard.edu/abs/2005MNRAS.364.1147P},
  adsnote = {Provided by the SAO/NASA Astrophysics Data System}
}

@ARTICLE{presotto2012,
   author = {{Presotto}, V. and {Iovino}, A. and {Scodeggio}, M. and {Cucciati}, O. and 
	{Knobel}, C. and {Bolzonella}, M. and {Oesch}, P. and {Finoguenov}, A. and 
	{Tanaka}, M. and {Kova{\v c}}, K. and {Peng}, Y. and {Zamorani}, G. and 
	{Bardelli}, S. and {Pozzetti}, L. and {Kampczyk}, P. and {L{\'o}pez-Sanjuan}, C. and 
	{Vergani}, D. and {Zucca}, E. and {Tasca}, L.~A.~M. and {Carollo}, C.~M. and 
	{Contini}, T. and {Kneib}, J.-P. and {Le F{\`e}vre}, O. and 
	{Lilly}, S. and {Mainieri}, V. and {Renzini}, A. and {Bongiorno}, A. and 
	{Caputi}, K. and {de la Torre}, S. and {de Ravel}, L. and {Franzetti}, P. and 
	{Garilli}, B. and {Lamareille}, F. and {Le Borgne}, J.-F. and 
	{Le Brun}, V. and {Maier}, C. and {Mignoli}, M. and {Pell{\`o}}, R. and 
	{Perez-Montero}, E. and {Ricciardelli}, E. and {Silverman}, J.~D. and 
	{Tresse}, L. and {Barnes}, L. and {Bordoloi}, R. and {Cappi}, A. and 
	{Cimatti}, A. and {Coppa}, G. and {Koekemoer}, A.~M. and {McCracken}, H.~J. and 
	{Moresco}, M. and {Nair}, P. and {Welikala}, N.},
    title = "{A journey from the outskirts to the cores of groups. I. Color- and mass-segregation in 20K-zCOSMOS groups}",
  journal = {\aap},
archivePrefix = "arXiv",
   eprint = {1201.1673},
 keywords = {cosmology: observations, galaxies: groups: general, galaxies: evolution},
     year = 2012,
    month = mar,
   volume = 539,
      eid = {A55},
    pages = {A55},
      doi = {10.1051/0004-6361/201118293},
   adsurl = {http://adsabs.harvard.edu/abs/2012A%26A...539A..55P},
  adsnote = {Provided by the SAO/NASA Astrophysics Data System}
}

@ARTICLE{simard2011,
   author = {{Simard}, L. and {Mendel}, J.~T. and {Patton}, D.~R. and {Ellison}, S.~L. and 
	{McConnachie}, A.~W.},
    title = "{A Catalog of Bulge+disk Decompositions and Updated Photometry for 1.12 Million Galaxies in the Sloan Digital Sky Survey}",
  journal = {\apjs},
archivePrefix = "arXiv",
   eprint = {1107.1518},
 keywords = {galaxies: evolution, galaxies: fundamental parameters},
     year = 2011,
    month = sep,
   volume = 196,
      eid = {11},
    pages = {11},
      doi = {10.1088/0067-0049/196/1/11},
   adsurl = {http://adsabs.harvard.edu/abs/2011ApJS..196...11S},
  adsnote = {Provided by the SAO/NASA Astrophysics Data System}
}


@ARTICLE{2005Natur.435..629S,
   author = {{Springel}, V. and {White}, S.~D.~M. and {Jenkins}, A. and {Frenk}, C.~S. and 
	{Yoshida}, N. and {Gao}, L. and {Navarro}, J. and {Thacker}, R. and 
	{Croton}, D. and {Helly}, J. and {Peacock}, J.~A. and {Cole}, S. and 
	{Thomas}, P. and {Couchman}, H. and {Evrard}, A. and {Colberg}, J. and 
	{Pearce}, F.},
    title = "{Simulations of the formation, evolution and clustering of galaxies and quasars}",
  journal = {\nat},
   eprint = {astro-ph/0504097},
     year = 2005,
    month = jun,
   volume = 435,
    pages = {629-636},
      doi = {10.1038/nature03597},
   adsurl = {http://adsabs.harvard.edu/abs/2005Natur.435..629S},
  adsnote = {Provided by the SAO/NASA Astrophysics Data System}
}


@ARTICLE{2003MNRAS.341..434T,
   author = {{Taffoni}, G. and {Mayer}, L. and {Colpi}, M. and {Governato}, F.
	},
    title = "{On the life and death of satellite haloes}",
  journal = {\mnras},
   eprint = {astro-ph/0301271},
 keywords = {methods: analytical, methods: numerical, galaxies: interactions, galaxies: kinematics and dynamics, dark matter},
     year = 2003,
    month = may,
   volume = 341,
    pages = {434-448},
      doi = {10.1046/j.1365-8711.2003.06395.x},
   adsurl = {http://adsabs.harvard.edu/abs/2003MNRAS.341..434T},
  adsnote = {Provided by the SAO/NASA Astrophysics Data System}
}

@ARTICLE{tal2014,
   author = {{Tal}, T. and {Dekel}, A. and {Oesch}, P. and {Muzzin}, A. and 
	{Brammer}, G.~B. and {van Dokkum}, P.~G. and {Franx}, M. and 
	{Illingworth}, G.~D. and {Leja}, J. and {Magee}, D. and {Marchesini}, D. and 
	{Momcheva}, I. and {Nelson}, E.~J. and {Patel}, S.~G. and {Quadri}, R.~F. and 
	{Rix}, H.-W. and {Skelton}, R.~E. and {Wake}, D.~A. and {Whitaker}, K.~E.
	},
    title = "{Observations of Environmental Quenching in Groups in the 11 GYR since z = 2.5: Different Quenching for Central and Satellite Galaxies}",
  journal = {\apj},
archivePrefix = "arXiv",
   eprint = {1401.2984},
 keywords = {galaxies: evolution, galaxies: groups: general, galaxies: star formation},
     year = 2014,
    month = jul,
   volume = 789,
      eid = {164},
    pages = {164},
      doi = {10.1088/0004-637X/789/2/164},
   adsurl = {http://adsabs.harvard.edu/abs/2014ApJ...789..164T},
  adsnote = {Provided by the SAO/NASA Astrophysics Data System}
}

@ARTICLE{vandenbosch2004,
   author = {{van den Bosch}, F.~C. and {Norberg}, P. and {Mo}, H.~J. and 
	{Yang}, X.},
    title = "{Probing dark matter haloes with satellite kinematics}",
  journal = {\mnras},
   eprint = {astro-ph/0404033},
 keywords = {methods: statistical, galaxies: fundamental parameters, galaxies: haloes, galaxies: kinematics and dynamics, galaxies: structure, dark matter},
     year = 2004,
    month = aug,
   volume = 352,
    pages = {1302-1314},
      doi = {10.1111/j.1365-2966.2004.08021.x},
   adsurl = {http://adsabs.harvard.edu/abs/2004MNRAS.352.1302V},
  adsnote = {Provided by the SAO/NASA Astrophysics Data System}
}

@ARTICLE{vandenbosch2008,
   author = {{van den Bosch}, F.~C. and {Pasquali}, A. and {Yang}, X. and 
	{Mo}, H.~J. and {Weinmann}, S. and {McIntosh}, D.~H. and {Aquino}, D.
	},
    title = "{Satellite Ecology: The Dearth of Environment Dependence}",
  journal = {ArXiv e-prints},
archivePrefix = "arXiv",
   eprint = {0805.0002},
 keywords = {Astrophysics},
     year = 2008,
    month = may,
   adsurl = {http://adsabs.harvard.edu/abs/2008arXiv0805.0002V},
  adsnote = {Provided by the SAO/NASA Astrophysics Data System}
}


@ARTICLE{vonderlinden2010,
   author = {{von der Linden}, A. and {Wild}, V. and {Kauffmann}, G. and 
	{White}, S.~D.~M. and {Weinmann}, S.},
    title = "{Star formation and AGN activity in SDSS cluster galaxies}",
  journal = {\mnras},
archivePrefix = "arXiv",
   eprint = {0909.3522},
 keywords = {galaxies: clusters: general, galaxies: evolution, galaxies: statistics, galaxies: stellar content},
     year = 2010,
    month = may,
   volume = 404,
    pages = {1231-1246},
      doi = {10.1111/j.1365-2966.2010.16375.x},
   adsurl = {http://adsabs.harvard.edu/abs/2010MNRAS.404.1231V},
  adsnote = {Provided by the SAO/NASA Astrophysics Data System}
}

@ARTICLE{vulcani2013,
   author = {{Vulcani}, B. and {Poggianti}, B.~M. and {Oemler}, A. and {Dressler}, A. and 
	{Arag{\'o}n-Salamanca}, A. and {De Lucia}, G. and {Moretti}, A. and 
	{Gladders}, M. and {Abramson}, L. and {Halliday}, C.},
    title = "{The galaxy stellar mass function and its evolution with time show no dependence on global environment}",
  journal = {\aap},
archivePrefix = "arXiv",
   eprint = {1111.0830},
 keywords = {galaxies: evolution, galaxies: formation, galaxies: clusters: general, galaxies: luminosity function, mass function},
     year = 2013,
    month = feb,
   volume = 550,
      eid = {A58},
    pages = {A58},
      doi = {10.1051/0004-6361/201118388},
   adsurl = {http://adsabs.harvard.edu/abs/2013A%26A...550A..58V},
  adsnote = {Provided by the SAO/NASA Astrophysics Data System}
}

@ARTICLE{vulcani2014,
   author = {{Vulcani}, B. and {De Lucia}, G. and {Poggianti}, B.~M. and 
	{Bundy}, K. and {More}, S. and {Calvi}, R.},
    title = "{What do Simulations Predict for the Galaxy Stellar Mass Function and its Evolution in Different Environments?}",
  journal = {\apj},
archivePrefix = "arXiv",
   eprint = {1404.6253},
 keywords = {galaxies: evolution, galaxies: formation, galaxies: general, galaxies: luminosity function, mass function},
     year = 2014,
    month = jun,
   volume = 788,
      eid = {57},
    pages = {57},
      doi = {10.1088/0004-637X/788/1/57},
   adsurl = {http://adsabs.harvard.edu/abs/2014ApJ...788...57V},
  adsnote = {Provided by the SAO/NASA Astrophysics Data System}
}


@ARTICLE{wetzel2012,
   author = {{Wetzel}, A.~R. and {Tinker}, J.~L. and {Conroy}, C.},
    title = "{Galaxy evolution in groups and clusters: star formation rates, red sequence fractions and the persistent bimodality}",
  journal = {\mnras},
archivePrefix = "arXiv",
   eprint = {1107.5311},
 primaryClass = "astro-ph.CO",
 keywords = {methods: statistical, galaxies: clusters: general, galaxies: evolution, galaxies: groups: general, galaxies: haloes, galaxies: star formation},
     year = 2012,
    month = jul,
   volume = 424,
    pages = {232-243},
      doi = {10.1111/j.1365-2966.2012.21188.x},
   adsurl = {http://adsabs.harvard.edu/abs/2012MNRAS.424..232W},
  adsnote = {Provided by the SAO/NASA Astrophysics Data System}
}

@ARTICLE{wetzel2013,
   author = {{Wetzel}, A.~R. and {Tinker}, J.~L. and {Conroy}, C. and {van den Bosch}, F.~C.
	},
    title = "{Galaxy evolution in groups and clusters: satellite star formation histories and quenching time-scales in a hierarchical Universe}",
  journal = {\mnras},
archivePrefix = "arXiv",
   eprint = {1206.3571},
 keywords = {methods: numerical, galaxies: clusters: general, galaxies: evolution, galaxies: groups: general, galaxies: haloes, galaxies: star formation},
     year = 2013,
    month = jun,
   volume = 432,
    pages = {336-358},
      doi = {10.1093/mnras/stt469},
   adsurl = {http://adsabs.harvard.edu/abs/2013MNRAS.432..336W},
  adsnote = {Provided by the SAO/NASA Astrophysics Data System}
}

@ARTICLE{yang2005,
   author = {{Yang}, X. and {Mo}, H.~J. and {van den Bosch}, F.~C. and {Jing}, Y.~P.
	},
    title = "{A halo-based galaxy group finder: calibration and application to the 2dFGRS}",
  journal = {\mnras},
   eprint = {astro-ph/0405234},
 keywords = {methods: statistical, galaxies: haloes, dark matter, large-scale structure of the Universe},
     year = 2005,
    month = feb,
   volume = 356,
    pages = {1293-1307},
      doi = {10.1111/j.1365-2966.2005.08560.x},
   adsurl = {http://adsabs.harvard.edu/abs/2005MNRAS.356.1293Y},
  adsnote = {Provided by the SAO/NASA Astrophysics Data System}
}


@ARTICLE{yang2007,
   author = {{Yang}, X. and {Mo}, H.~J. and {van den Bosch}, F.~C. and {Pasquali}, A. and 
	{Li}, C. and {Barden}, M.},
    title = "{Galaxy Groups in the SDSS DR4. I. The Catalog and Basic Properties}",
  journal = {\apj},
archivePrefix = "arXiv",
   eprint = {0707.4640},
 keywords = {Cosmology: Dark Matter, Galaxies: Halos, Cosmology: Large-Scale Structure of Universe, Methods: Statistical},
     year = 2007,
    month = dec,
   volume = 671,
    pages = {153-170},
      doi = {10.1086/522027},
   adsurl = {http://adsabs.harvard.edu/abs/2007ApJ...671..153Y},
  adsnote = {Provided by the SAO/NASA Astrophysics Data System}
}

@ARTICLE{zabludoff1998,
   author = {{Zabludoff}, A.~I. and {Mulchaey}, J.~S.},
    title = "{The Properties of Poor Groups of Galaxies. I. Spectroscopic Survey and Results}",
  journal = {\apj},
   eprint = {astro-ph/9708132},
 keywords = {GALAXIES: CLUSTERS: GENERAL, GALAXIES: DISTANCES AND REDSHIFTS, GALAXIES: ELLIPTICAL AND LENTICULAR, CD, X-RAYS: GALAXIES, Galaxies: Clusters: General, Galaxies: Distances and Redshifts, Galaxies: Elliptical and Lenticular, cD, Galaxies: Evolution, Galaxies: Interactions, Cosmology: Large-Scale Structure of Universe, X-Rays: Galaxies},
     year = 1998,
    month = mar,
   volume = 496,
    pages = {39-72},
      doi = {10.1086/305355},
   adsurl = {http://adsabs.harvard.edu/abs/1998ApJ...496...39Z},
  adsnote = {Provided by the SAO/NASA Astrophysics Data System}
}

@ARTICLE{ziparo2013,
   author = {{Ziparo}, F. and {Popesso}, P. and {Biviano}, A. and {Finoguenov}, A. and 
	{Wuyts}, S. and {Wilman}, D. and {Salvato}, M. and {Tanaka}, M. and 
	{Ilbert}, O. and {Nandra}, K. and {Lutz}, D. and {Elbaz}, D. and 
	{Dickinson}, M. and {Altieri}, B. and {Aussel}, H. and {Berta}, S. and 
	{Cimatti}, A. and {Fadda}, D. and {Genzel}, R. and {Le Flo'ch}, E. and 
	{Magnelli}, B. and {Nordon}, R. and {Poglitsch}, A. and {Pozzi}, F. and 
	{Portal}, M.~S. and {Tacconi}, L. and {Bauer}, F.~E. and {Brandt}, W.~N. and 
	{Cappelluti}, N. and {Cooper}, M.~C. and {Mulchaey}, J.~S.},
    title = "{The lack of star formation gradients in galaxy groups up to z {\tilde} 1.6}",
  journal = {\mnras},
archivePrefix = "arXiv",
   eprint = {1307.0833},
 keywords = {galaxies: groups: general, galaxies: evolution, galaxies: stellar content, infrared: galaxies, X-rays: galaxies: clusters, galaxies: star formation},
     year = 2013,
    month = oct,
   volume = 434,
    pages = {3089-3103},
      doi = {10.1093/mnras/stt1222},
   adsurl = {http://adsabs.harvard.edu/abs/2013MNRAS.434.3089Z},
  adsnote = {Provided by the SAO/NASA Astrophysics Data System}
}