%% This BibTeX bibliography file was created using BibDesk.
%% http://bibdesk.sourceforge.net/


%% Created for Samantha Benincasa at 2014-06-20 14:30:51 -0400 


%% Saved with string encoding Unicode (UTF-8) 


@string{aa = {A{\&}A}}

@string{aas = {A{\&}AS}}

@string{aj = {AJ}}

@string{apj = {ApJ}}

@string{apjl = {ApJL}}

@string{apjs = {ApJS}}

@string{apss = {ApSS}}

@string{araa = {ARA{\&}A}}

@string{baas = {BAAS}}

@string{jrasc = {JRASC}}

@string{mnras = {MNRAS}}

@string{pasp = {PASP}}

@string{va = {Vistas in Astron.}}

@ARTICLE{agertz13,
   author = {{Agertz}, O. and {Kravtsov}, A.~V. and {Leitner}, S.~N. and 
	{Gnedin}, N.~Y.},
    title = "{Toward a Complete Accounting of Energy and Momentum from Stellar Feedback in Galaxy Formation Simulations}",
  journal = {\apj},
archivePrefix = "arXiv",
   eprint = {1210.4957},
 primaryClass = "astro-ph.CO",
 keywords = {galaxies: evolution, galaxies: ISM, ISM: structure, methods: numerical, stars: formation },
     year = 2013,
    month = jun,
   volume = 770,
      eid = {25},
    pages = {25},
      doi = {10.1088/0004-637X/770/1/25},
   adsurl = {http://adsabs.harvard.edu/abs/2013ApJ...770...25A},
  adsnote = {Provided by the SAO/NASA Astrophysics Data System}
}

@ARTICLE{agertzKravtsov14,
   author = {{Agertz}, O. and {Kravtsov}, A.~V.},
    title = "{On the interplay between star formation and feedback in galaxy formation simulations}",
  journal = {ArXiv e-prints},
archivePrefix = "arXiv",
   eprint = {1404.2613},
 keywords = {Astrophysics - Astrophysics of Galaxies, Astrophysics - Cosmology and Nongalactic Astrophysics},
     year = 2014,
    month = apr,
   adsurl = {http://adsabs.harvard.edu/abs/2014arXiv1404.2613A},
  adsnote = {Provided by the SAO/NASA Astrophysics Data System}
}

@ARTICLE{barnesHut86,
   author = {{Barnes}, J. and {Hut}, P.},
    title = "{A hierarchical O(N log N) force-calculation algorithm}",
  journal = {\nat},
 keywords = {Computational Astrophysics, Many Body Problem, Numerical Integration, Stellar Motions, Algorithms, Hierarchies},
     year = 1986,
    month = dec,
   volume = 324,
    pages = {446-449},
      doi = {10.1038/324446a0},
   adsurl = {http://adsabs.harvard.edu/abs/1986Natur.324..446B},
  adsnote = {Provided by the SAO/NASA Astrophysics Data System}
}

@ARTICLE{bonnell13,
   author = {{Bonnell}, I.~A. and {Dobbs}, C.~L. and {Smith}, R.~J.},
    title = "{Shocks, cooling and the origin of star formation rates in spiral galaxies}",
  journal = {\mnras},
archivePrefix = "arXiv",
   eprint = {1301.1041},
 primaryClass = "astro-ph.GA",
 keywords = {stars: formation, ISM: clouds, ISM: kinematics and dynamics, galaxies: evolution, galaxies: star formation},
     year = 2013,
    month = apr,
   volume = 430,
    pages = {1790-1800},
      doi = {10.1093/mnras/stt004},
   adsurl = {http://adsabs.harvard.edu/abs/2013MNRAS.430.1790B},
  adsnote = {Provided by the SAO/NASA Astrophysics Data System}
}

@ARTICLE{bigiel08,
   author = {{Bigiel}, F. and {Leroy}, A. and {Walter}, F. and {Brinks}, E. and 
	{de Blok}, W.~J.~G. and {Madore}, B. and {Thornley}, M.~D.},
    title = "{The Star Formation Law in Nearby Galaxies on Sub-Kpc Scales}",
  journal = {\aj},
archivePrefix = "arXiv",
   eprint = {0810.2541},
 keywords = {galaxies: evolution, galaxies: ISM, radio lines: galaxies, radio lines: ISM},
     year = 2008,
    month = dec,
   volume = 136,
    pages = {2846-2871},
      doi = {10.1088/0004-6256/136/6/2846},
   adsurl = {http://adsabs.harvard.edu/abs/2008AJ....136.2846B},
  adsnote = {Provided by the SAO/NASA Astrophysics Data System}
}

@BOOK{binneyTremaine,
   author = {{Binney}, J. and {Tremaine}, S.},
    title = "{Galactic Dynamics: Second Edition}",
booktitle = {Galactic Dynamics: Second Edition, by James Binney and Scott Tremaine.~ISBN 978-0-691-13026-2 (HB).~Published by Princeton University Press, Princeton, NJ USA, 2008.},
     year = 2008,
publisher = {Princeton University Press},
   adsurl = {http://adsabs.harvard.edu/abs/2008gady.book.....B},
  adsnote = {Provided by the SAO/NASA Astrophysics Data System}
}

@ARTICLE{enzo,
   author = {{Bryan}, G.~L. and {Norman}, M.~L. and {O'Shea}, B.~W. and {Abel}, T. and 
	{Wise}, J.~H. and {Turk}, M.~J. and {Reynolds}, D.~R. and {Collins}, D.~C. and 
	{Wang}, P. and {Skillman}, S.~W. and {Smith}, B. and {Harkness}, R.~P. and 
	{Bordner}, J. and {Kim}, J.-h. and {Kuhlen}, M. and {Xu}, H. and 
	{Goldbaum}, N. and {Hummels}, C. and {Kritsuk}, A.~G. and {Tasker}, E. and 
	{Skory}, S. and {Simpson}, C.~M. and {Hahn}, O. and {Oishi}, J.~S. and 
	{So}, G.~C. and {Zhao}, F. and {Cen}, R. and {Li}, Y. and {Enzo Collaboration}
	},
    title = "{ENZO: An Adaptive Mesh Refinement Code for Astrophysics}",
  journal = {\apjs},
archivePrefix = "arXiv",
   eprint = {1307.2265},
 primaryClass = "astro-ph.IM",
 keywords = {hydrodynamics, methods: numerical},
     year = 2014,
    month = apr,
   volume = 211,
      eid = {19},
    pages = {19},
      doi = {10.1088/0067-0049/211/2/19},
   adsurl = {http://adsabs.harvard.edu/abs/2014ApJS..211...19B},
  adsnote = {Provided by the SAO/NASA Astrophysics Data System}
}

@BOOK{carrollOstlie,
   author = {{Carroll}, B.~W. and {Ostlie}, D.~A.},
    title = "{An introduction to modern astrophysics and cosmology}",
 keywords = {Astrophysics, Textbooks},
booktitle = {Institute for Mathematics and Its Applications},
     year = 2006,
    month = jul,
   adsurl = {http://adsabs.harvard.edu/abs/2006ima..book.....C},
  adsnote = {Provided by the SAO/NASA Astrophysics Data System}
}

@ARTICLE{chabrierIMF,
   author = {{Chabrier}, G.},
    title = "{Galactic Stellar and Substellar Initial Mass Function}",
  journal = {\pasp},
   eprint = {astro-ph/0304382},
 keywords = {Galaxies: Luminosity Function, Mass Function, Invited Reviews},
     year = 2003,
    month = jul,
   volume = 115,
    pages = {763-795},
      doi = {10.1086/376392},
   adsurl = {http://adsabs.harvard.edu/abs/2003PASP..115..763C},
  adsnote = {Provided by the SAO/NASA Astrophysics Data System}
}


@ARTICLE{dehnenAly12,
   author = {{Dehnen}, W. and {Aly}, H.},
    title = "{Improving convergence in smoothed particle hydrodynamics simulations without pairing instability}",
  journal = {\mnras},
archivePrefix = "arXiv",
   eprint = {1204.2471},
 primaryClass = "astro-ph.IM",
 keywords = {hydrodynamics, methods: numerical },
     year = 2012,
    month = sep,
   volume = 425,
    pages = {1068-1082},
      doi = {10.1111/j.1365-2966.2012.21439.x},
   adsurl = {http://adsabs.harvard.edu/abs/2012MNRAS.425.1068D},
  adsnote = {Provided by the SAO/NASA Astrophysics Data System}
}

@ARTICLE{dobbs2011,
   author = {{Dobbs}, C.~L. and {Burkert}, A. and {Pringle}, J.~E.},
    title = "{The properties of the interstellar medium in disc galaxies with stellar feedback}",
  journal = {\mnras},
archivePrefix = "arXiv",
   eprint = {1107.0154},
 primaryClass = "astro-ph.GA",
 keywords = {hydrodynamics, ISM: clouds, ISM: evolution, ISM: kinematics and dynamics, galaxies: ISM},
     year = 2011,
    month = oct,
   volume = 417,
    pages = {1318-1334},
      doi = {10.1111/j.1365-2966.2011.19346.x},
   adsurl = {http://adsabs.harvard.edu/abs/2011MNRAS.417.1318D},
  adsnote = {Provided by the SAO/NASA Astrophysics Data System}
}


@ARTICLE{dobbs2012,
   author = {{Dobbs}, C.~L. and {Pringle}, J.~E. and {Burkert}, A.},
    title = "{Giant molecular clouds: what are they made from, and how do they get there?}",
  journal = {\mnras},
archivePrefix = "arXiv",
   eprint = {1206.4904},
 primaryClass = "astro-ph.GA",
 keywords = {stars: formation, ISM: clouds, ISM: kinematics and dynamics, galaxies: spiral },
     year = 2012,
    month = sep,
   volume = 425,
    pages = {2157-2168},
      doi = {10.1111/j.1365-2966.2012.21558.x},
   adsurl = {http://adsabs.harvard.edu/abs/2012MNRAS.425.2157D},
  adsnote = {Provided by the SAO/NASA Astrophysics Data System}
}

@ARTICLE{elmegreen94,
   author = {{Elmegreen}, B.~G. and {Parravano}, A.},
    title = "{When star formation stops: Galaxy edges and low surface brightness disks}",
  journal = {\apjl},
 keywords = {Astronomical Models, Brightness, Critical Pressure, Interstellar Matter, Star Formation, Star Formation Rate, Stellar Gravitation, Stellar Luminosity, Cosmic Rays, Gravitational Fields, Hydrogen, Ionization, Metallicity},
     year = 1994,
    month = nov,
   volume = 435,
    pages = {L121},
      doi = {10.1086/187609},
   adsurl = {http://adsabs.harvard.edu/abs/1994ApJ...435L.121E},
  adsnote = {Provided by the SAO/NASA Astrophysics Data System}
}

@ARTICLE{elmegreen02,
   author = {{Elmegreen}, B.~G.},
    title = "{Star Formation from Galaxies to Globules}",
  journal = {\apj},
   eprint = {astro-ph/0207114},
 keywords = {ISM: Clouds, ISM: Structure, Galaxy: Open Clusters and Associations: General, Stars: Formation, Turbulence},
     year = 2002,
    month = sep,
   volume = 577,
    pages = {206-220},
      doi = {10.1086/342177},
   adsurl = {http://adsabs.harvard.edu/abs/2002ApJ...577..206E},
  adsnote = {Provided by the SAO/NASA Astrophysics Data System}
}

@ARTICLE{faucher13,
   author = {{Faucher-Gigu{\`e}re}, C.-A. and {Quataert}, E. and {Hopkins}, P.~F.
	},
    title = "{Feedback-regulated star formation in molecular clouds and galactic discs}",
  journal = {\mnras},
archivePrefix = "arXiv",
   eprint = {1301.3905},
 primaryClass = "astro-ph.CO",
 keywords = {stars: formation, galaxies: evolution, galaxies: formation, galaxies: high-redshift, galaxies: ISM, galaxies: starburst},
     year = 2013,
    month = aug,
   volume = 433,
    pages = {1970-1990},
      doi = {10.1093/mnras/stt866},
   adsurl = {http://adsabs.harvard.edu/abs/2013MNRAS.433.1970F},
  adsnote = {Provided by the SAO/NASA Astrophysics Data System}
}

@ARTICLE{FGH69,
   author = {{Field}, G.~B. and {Goldsmith}, D.~W. and {Habing}, H.~J.},
    title = "{Cosmic-Ray Heating of the Interstellar Gas}",
  journal = {\apjl},
     year = 1969,
    month = mar,
   volume = 155,
    pages = {L149},
      doi = {10.1086/180324},
   adsurl = {http://adsabs.harvard.edu/abs/1969ApJ...155L.149F},
  adsnote = {Provided by the SAO/NASA Astrophysics Data System}
}

@ARTICLE{gerritsenIcke97,
   author = {{Gerritsen}, J.~P.~E. and {Icke}, V.},
    title = "{Star formation in N-body simulations. I. The impact of the stellar ultraviolet radiation on star formation.}",
  journal = {\aap},
 keywords = {GALAXIES: EVOLUTION, GALAXIES: SPIRAL, HYDRODYNAMICS, METHODS: NUMERICAL},
     year = 1997,
    month = sep,
   volume = 325,
    pages = {972-986},
   adsurl = {http://adsabs.harvard.edu/abs/1997A%26A...325..972G},
  adsnote = {Provided by the SAO/NASA Astrophysics Data System}
}

@article{gingoldMonaghan77,
	Adsnote = {Provided by the SAO/NASA Astrophysics Data System},
	Adsurl = {http://adsabs.harvard.edu/abs/1977MNRAS.181..375G},
	Author = {{Gingold}, R.~A. and {Monaghan}, J.~J.},
	Date-Added = {2014-06-20 18:28:32 +0000},
	Date-Modified = {2014-06-20 18:28:32 +0000},
	Journal = {\mnras},
	Keywords = {HYDRODYNAMICS, PARTICLE THEORY, STELLAR MODELS, ASTROPHYSICS, STELLAR ROTATION, STELLAR STRUCTURE},
	Month = nov,
	Pages = {375-389},
	Title = {{Smoothed particle hydrodynamics - Theory and application to non-spherical stars}},
	Volume = 181,
	Year = 1977}

@ARTICLE{heitsch08,
   author = {{Heitsch}, F. and {Hartmann}, L.~W. and {Slyz}, A.~D. and {Devriendt}, J.~E.~G. and 
	{Burkert}, A.},
    title = "{Cooling, Gravity, and Geometry: Flow-driven Massive Core Formation}",
  journal = {\apj},
archivePrefix = "arXiv",
   eprint = {0709.2451},
 keywords = {Gravitation, Instabilities, ISM: Clouds, Methods: Numerical, Stars: Formation, Turbulence},
     year = 2008,
    month = feb,
   volume = 674,
    pages = {316-328},
      doi = {10.1086/523697},
   adsurl = {http://adsabs.harvard.edu/abs/2008ApJ...674..316H},
  adsnote = {Provided by the SAO/NASA Astrophysics Data System}
}

@ARTICLE{hopkinsQM11,
   author = {{Hopkins}, P.~F. and {Quataert}, E. and {Murray}, N.},
    title = "{Self-regulated star formation in galaxies via momentum input from massive stars}",
  journal = {\mnras},
archivePrefix = "arXiv",
   eprint = {1101.4940},
 primaryClass = "astro-ph.CO",
 keywords = {galaxies: evolution, galaxies: formation, cosmology: theory},
     year = 2011,
    month = oct,
   volume = 417,
    pages = {950-973},
      doi = {10.1111/j.1365-2966.2011.19306.x},
   adsurl = {http://adsabs.harvard.edu/abs/2011MNRAS.417..950H},
  adsnote = {Provided by the SAO/NASA Astrophysics Data System}
}

@ARTICLE{hopkinsQM12,
   author = {{Hopkins}, P.~F. and {Quataert}, E. and {Murray}, N.},
    title = "{The structure of the interstellar medium of star-forming galaxies}",
  journal = {\mnras},
archivePrefix = "arXiv",
   eprint = {1110.4636},
 primaryClass = "astro-ph.CO",
 keywords = {stars: formation, galaxies: active, galaxies: evolution, galaxies: formation, cosmology: theory},
     year = 2012,
    month = apr,
   volume = 421,
    pages = {3488-3521},
      doi = {10.1111/j.1365-2966.2012.20578.x},
   adsurl = {http://adsabs.harvard.edu/abs/2012MNRAS.421.3488H},
  adsnote = {Provided by the SAO/NASA Astrophysics Data System}
}

@ARTICLE{hopkinsNM13,
   author = {{Hopkins}, P.~F. and {Narayanan}, D. and {Murray}, N.},
    title = "{The meaning and consequences of star formation criteria in galaxy models with resolved stellar feedback}",
  journal = {\mnras},
archivePrefix = "arXiv",
   eprint = {1303.0285},
 primaryClass = "astro-ph.CO",
 keywords = {galaxies: active, galaxies: evolution, galaxies: formation, cosmology: theory},
     year = 2013,
    month = jul,
   volume = 432,
    pages = {2647-2653},
      doi = {10.1093/mnras/stt723},
   adsurl = {http://adsabs.harvard.edu/abs/2013MNRAS.432.2647H},
  adsnote = {Provided by the SAO/NASA Astrophysics Data System}
}

@ARTICLE{hughes,
   author = {{Hughes}, A. and {Meidt}, S.~E. and {Colombo}, D. and {Schinnerer}, E. and 
	{Pety}, J. and {Leroy}, A.~K. and {Dobbs}, C.~L. and {Garc{\'{\i}}a-Burillo}, S. and 
	{Thompson}, T.~A. and {Dumas}, G. and {Schuster}, K.~F. and 
	{Kramer}, C.},
    title = "{A Comparative Study of Giant Molecular Clouds in M51, M33, and the Large Magellanic Cloud}",
  journal = {\apj},
archivePrefix = "arXiv",
   eprint = {1309.3453},
 primaryClass = "astro-ph.GA",
 keywords = {galaxies: individual: M51 M33 Large Magellanic Cloud, galaxies: ISM, ISM: clouds, ISM: molecules, ISM: structure},
     year = 2013,
    month = dec,
   volume = 779,
      eid = {46},
    pages = {46},
      doi = {10.1088/0004-637X/779/1/46},
   adsurl = {http://adsabs.harvard.edu/abs/2013ApJ...779...46H},
  adsnote = {Provided by the SAO/NASA Astrophysics Data System}
}

@ARTICLE{hunter98,
   author = {{Hunter}, D.~A. and {Elmegreen}, B.~G. and {Baker}, A.~L.},
    title = "{The Relationship between Gas, Stars, and Star Formation in Irregular Galaxies: A Test of Simple Models}",
  journal = {\apj},
   eprint = {astro-ph/9712353},
 keywords = {GALAXIES: EVOLUTION, GALAXIES: IRREGULAR, GALAXIES: ISM, STARS: FORMATION, Galaxies: Evolution, Galaxies: ISM, Galaxies: Irregular, Stars: Formation},
     year = 1998,
    month = jan,
   volume = 493,
    pages = {595-612},
      doi = {10.1086/305158},
   adsurl = {http://adsabs.harvard.edu/abs/1998ApJ...493..595H},
  adsnote = {Provided by the SAO/NASA Astrophysics Data System}
}

@ARTICLE{keller14,
   author = {{Keller}, B.~W. and {Wadsley}, J. and {Benincasa}, S.~M. and 
	{Couchman}, H.~M.~P.},
    title = "{A superbubble feedback model for galaxy simulations}",
  journal = {\mnras},
archivePrefix = "arXiv",
   eprint = {1405.2625},
 keywords = {methods: numerical, ISM: bubbles, galaxies: evolution, galaxies: formation, galaxies: ISM},
     year = 2014,
    month = aug,
   volume = 442,
    pages = {3013-3025},
      doi = {10.1093/mnras/stu1058},
   adsurl = {http://adsabs.harvard.edu/abs/2014MNRAS.442.3013K},
  adsnote = {Provided by the SAO/NASA Astrophysics Data System}
}	

@ARTICLE{kennicutt98,
   author = {{Kennicutt}, Jr., R.~C.},
    title = "{The Global Schmidt Law in Star-forming Galaxies}",
  journal = {\apj},
   eprint = {astro-ph/9712213},
 keywords = {GALAXIES: EVOLUTION, GALAXIES: ISM, GALAXIES: SPIRAL, GALAXIES: STELLAR CONTENT, GALAXIES: STARBURST, STARS: FORMATION, Galaxies: Evolution, Galaxies: ISM, Galaxies: Spiral, Galaxies: Starburst, Galaxies: Stellar Content, Stars: Formation},
     year = 1998,
    month = may,
   volume = 498,
    pages = {541-552},
      doi = {10.1086/305588},
   adsurl = {http://adsabs.harvard.edu/abs/1998ApJ...498..541K},
  adsnote = {Provided by the SAO/NASA Astrophysics Data System}
}

@ARTICLE{kennicuttEvans12,
   author = {{Kennicutt}, R.~C. and {Evans}, N.~J.},
    title = "{Star Formation in the Milky Way and Nearby Galaxies}",
  journal = {\araa},
archivePrefix = "arXiv",
   eprint = {1204.3552},
 primaryClass = "astro-ph.GA",
     year = 2012,
    month = sep,
   volume = 50,
    pages = {531-608},
      doi = {10.1146/annurev-astro-081811-125610},
   adsurl = {http://adsabs.harvard.edu/abs/2012ARA%26A..50..531K},
  adsnote = {Provided by the SAO/NASA Astrophysics Data System}
}
	
@ARTICLE{krumholz14,
   author = {{Krumholz}, M.~R. and {Bate}, M.~R. and {Arce}, H.~G. and {Dale}, J.~E. and 
	{Gutermuth}, R. and {Klein}, R.~I. and {Li}, Z.-Y. and {Nakamura}, F. and 
	{Zhang}, Q.},
    title = "{Star Cluster Formation and Feedback}",
  journal = {ArXiv e-prints},
archivePrefix = "arXiv",
   eprint = {1401.2473},
 primaryClass = "astro-ph.GA",
 keywords = {Astrophysics - Galaxy Astrophysics, Astrophysics - Cosmology and Extragalactic Astrophysics},
     year = 2014,
    month = jan,
   adsurl = {http://adsabs.harvard.edu/abs/2014arXiv1401.2473K},
  adsnote = {Provided by the SAO/NASA Astrophysics Data System}
}

@ARTICLE{krumholzTan07,
   author = {{Krumholz}, M.~R. and {Tan}, J.~C.},
    title = "{Slow Star Formation in Dense Gas: Evidence and Implications}",
  journal = {\apj},
   eprint = {astro-ph/0606277},
 keywords = {ISM: Clouds, Stars: Formation},
     year = 2007,
    month = jan,
   volume = 654,
    pages = {304-315},
      doi = {10.1086/509101},
   adsurl = {http://adsabs.harvard.edu/abs/2007ApJ...654..304K},
  adsnote = {Provided by the SAO/NASA Astrophysics Data System}
}
	
@ARTICLE{lada10,
   author = {{Lada}, C.~J. and {Lombardi}, M. and {Alves}, J.~F.},
    title = "{On the Star Formation Rates in Molecular Clouds}",
  journal = {\apj},
archivePrefix = "arXiv",
   eprint = {1009.2985},
 primaryClass = "astro-ph.GA",
 keywords = {dust, extinction, ISM: clouds, stars: formation},
     year = 2010,
    month = nov,
   volume = 724,
    pages = {687-693},
      doi = {10.1088/0004-637X/724/1/687},
   adsurl = {http://adsabs.harvard.edu/abs/2010ApJ...724..687L},
  adsnote = {Provided by the SAO/NASA Astrophysics Data System}
}

@ARTICLE{leroy08,
   author = {{Leroy}, A.~K. and {Walter}, F. and {Brinks}, E. and {Bigiel}, F. and 
	{de Blok}, W.~J.~G. and {Madore}, B. and {Thornley}, M.~D.},
    title = "{The Star Formation Efficiency in Nearby Galaxies: Measuring Where Gas Forms Stars Effectively}",
  journal = {\aj},
archivePrefix = "arXiv",
   eprint = {0810.2556},
 keywords = {galaxies: evolution, galaxies: ISM, radio lines: galaxies, stars: formation},
     year = 2008,
    month = dec,
   volume = 136,
    pages = {2782-2845},
      doi = {10.1088/0004-6256/136/6/2782},
   adsurl = {http://adsabs.harvard.edu/abs/2008AJ....136.2782L},
  adsnote = {Provided by the SAO/NASA Astrophysics Data System}
}

@ARTICLE{leroy2013,
   author = {{Leroy}, A.~K. and {Walter}, F. and {Sandstrom}, K. and {Schruba}, A. and 
	{Munoz-Mateos}, J.-C. and {Bigiel}, F. and {Bolatto}, A. and 
	{Brinks}, E. and {de Blok}, W.~J.~G. and {Meidt}, S. and {Rix}, H.-W. and 
	{Rosolowsky}, E. and {Schinnerer}, E. and {Schuster}, K.-F. and 
	{Usero}, A.},
    title = "{Molecular Gas and Star Formation in nearby Disk Galaxies}",
  journal = {\aj},
archivePrefix = "arXiv",
   eprint = {1301.2328},
 primaryClass = "astro-ph.CO",
 keywords = {evolution, galaxies: ISM, galaxies: spiral, ISM: molecules, stars: formation },
     year = 2013,
    month = aug,
   volume = 146,
      eid = {19},
    pages = {19},
      doi = {10.1088/0004-6256/146/2/19},
   adsurl = {http://adsabs.harvard.edu/abs/2013AJ....146...19L},
  adsnote = {Provided by the SAO/NASA Astrophysics Data System}
}
	
		
@article{lucy77,
	Adsnote = {Provided by the SAO/NASA Astrophysics Data System},
	Adsurl = {http://adsabs.harvard.edu/abs/1977AJ.....82.1013L},
	Author = {{Lucy}, L.~B.},
	Date-Added = {2014-06-20 18:27:23 +0000},
	Date-Modified = {2014-06-20 18:27:23 +0000},
	Doi = {10.1086/112164},
	Journal = {\aj},
	Keywords = {BINARY STARS, HYPOTHESES, NUCLEAR FISSION, NUMERICAL ANALYSIS, PROTOSTARS, STELLAR EVOLUTION, ASTRONOMICAL MODELS, DIFFERENCE EQUATIONS, GAS DYNAMICS, MONTE CARLO METHOD, NUMERICAL STABILITY, PARTICLE MOTION, STELLAR ROTATION},
	Month = dec,
	Pages = {1013-1024},
	Title = {{A numerical approach to the testing of the fission hypothesis}},
	Volume = 82,
	Year = 1977,
	Bdsk-Url-1 = {http://dx.doi.org/10.1086/112164}
}

@ARTICLE{mckeeOstriker07,
   author = {{McKee}, C.~F. and {Ostriker}, E.~C.},
    title = "{Theory of Star Formation}",
  journal = {\araa},
archivePrefix = "arXiv",
   eprint = {0707.3514},
     year = 2007,
    month = sep,
   volume = 45,
    pages = {565-687},
      doi = {10.1146/annurev.astro.45.051806.110602},
   adsurl = {http://adsabs.harvard.edu/abs/2007ARA%26A..45..565M},
  adsnote = {Provided by the SAO/NASA Astrophysics Data System}
}

@ARTICLE{mckeeOstriker77,
   author = {{McKee}, C.~F. and {Ostriker}, J.~P.},
    title = "{A theory of the interstellar medium - Three components regulated by supernova explosions in an inhomogeneous substrate}",
  journal = {\apj},
 keywords = {Interstellar Matter, Nebulae, Supernova Remnants, X Ray Sources, Absorption Spectra, Adiabatic Conditions, Astronomical Models, Background Radiation, Clouds, Evaporation, High Temperature Gases, Rarefied Gases},
     year = 1977,
    month = nov,
   volume = 218,
    pages = {148-169},
      doi = {10.1086/155667},
   adsurl = {http://adsabs.harvard.edu/abs/1977ApJ...218..148M},
  adsnote = {Provided by the SAO/NASA Astrophysics Data System}
}


@ARTICLE{monaghan92,
   author = {{Monaghan}, J.~J.},
    title = "{Smoothed particle hydrodynamics}",
  journal = {\araa},
 keywords = {Computational Fluid Dynamics, Finite Difference Theory, Hydrodynamics, Kernel Functions, Particle Energy, Particle Mass, Angular Momentum, Partial Differential Equations, Particle In Cell Technique, Pressure Gradients},
     year = 1992,
   volume = 30,
    pages = {543-574},
      doi = {10.1146/annurev.aa.30.090192.002551},
   adsurl = {http://adsabs.harvard.edu/abs/1992ARA%26A..30..543M},
  adsnote = {Provided by the SAO/NASA Astrophysics Data System}
}

@ARTICLE{monaghanLattanzio85,
   author = {{Monaghan}, J.~J. and {Lattanzio}, J.~C.},
    title = "{A refined particle method for astrophysical problems}",
  journal = {\aap},
 keywords = {COMPUTATIONAL ASTROPHYSICS, GRAVITATIONAL COLLAPSE, GRAVITATIONAL FIELDS, MANY BODY PROBLEM, MOLECULAR CLOUDS, STELLAR EVOLUTION, ANGULAR MOMENTUM, BINARY STARS, COMPUTATIONAL GRIDS, INTERPOLATION, KERNEL FUNCTIONS, PARTICLE MASS, STELLAR ORBITS},
     year = 1985,
    month = aug,
   volume = 149,
    pages = {135-143},
   adsurl = {http://adsabs.harvard.edu/abs/1985A%26A...149..135M},
  adsnote = {Provided by the SAO/NASA Astrophysics Data System}
}

@ARTICLE{narayanan12,
   author = {{Narayanan}, D. and {Krumholz}, M.~R. and {Ostriker}, E.~C. and 
	{Hernquist}, L.},
    title = "{A general model for the CO-H$_{2}$ conversion factor in galaxies with applications to the star formation law}",
  journal = {\mnras},
archivePrefix = "arXiv",
   eprint = {1110.3791},
 primaryClass = "astro-ph.GA",
 keywords = {ISM: clouds, ISM: molecules, galaxies: interactions, galaxies: ISM, galaxies: starburst, galaxies: star formation},
     year = 2012,
    month = apr,
   volume = 421,
    pages = {3127-3146},
      doi = {10.1111/j.1365-2966.2012.20536.x},
   adsurl = {http://adsabs.harvard.edu/abs/2012MNRAS.421.3127N},
  adsnote = {Provided by the SAO/NASA Astrophysics Data System}
}

@ARTICLE{ntormousi11,
   author = {{Ntormousi}, E. and {Burkert}, A. and {Fierlinger}, K. and {Heitsch}, F.
	},
    title = "{Formation of Cold Filamentary Structure from Wind-blown Superbubbles}",
  journal = {\apj},
archivePrefix = "arXiv",
   eprint = {1011.5751},
 primaryClass = "astro-ph.GA",
 keywords = {ISM: bubbles, ISM: clouds, ISM: general, ISM: kinematics and dynamics, ISM: structure, stars: formation},
     year = 2011,
    month = apr,
   volume = 731,
      eid = {13},
    pages = {13},
      doi = {10.1088/0004-637X/731/1/13},
   adsurl = {http://adsabs.harvard.edu/abs/2011ApJ...731...13N},
  adsnote = {Provided by the SAO/NASA Astrophysics Data System}
}


@ARTICLE{ostriker10,
   author = {{Ostriker}, E.~C. and {McKee}, C.~F. and {Leroy}, A.~K.},
    title = "{Regulation of Star Formation Rates in Multiphase Galactic Disks: A Thermal/Dynamical Equilibrium Model}",
  journal = {\apj},
archivePrefix = "arXiv",
   eprint = {1008.0410},
 primaryClass = "astro-ph.CO",
 keywords = {galaxies: ISM, galaxies: spiral, ISM: kinematics and dynamics, galaxies: star formation, turbulence},
     year = 2010,
    month = oct,
   volume = 721,
    pages = {975-994},
      doi = {10.1088/0004-637X/721/2/975},
   adsurl = {http://adsabs.harvard.edu/abs/2010ApJ...721..975O},
  adsnote = {Provided by the SAO/NASA Astrophysics Data System}
}

@ARTICLE{renaud13,
   author = {{Renaud}, F. and {Bournaud}, F. and {Emsellem}, E. and {Elmegreen}, B. and 
	{Teyssier}, R. and {Alves}, J. and {Chapon}, D. and {Combes}, F. and 
	{Dekel}, A. and {Gabor}, J. and {Hennebelle}, P. and {Kraljic}, K.
	},
    title = "{A sub-parsec resolution simulation of the Milky Way: global structure of the interstellar medium and properties of molecular clouds}",
  journal = {\mnras},
archivePrefix = "arXiv",
   eprint = {1307.5639},
 primaryClass = "astro-ph.GA",
 keywords = {methods: numerical, stars: formation, ISM: structure, Galaxy: structure},
     year = 2013,
    month = dec,
   volume = 436,
    pages = {1836-1851},
      doi = {10.1093/mnras/stt1698},
   adsurl = {http://adsabs.harvard.edu/abs/2013MNRAS.436.1836R},
  adsnote = {Provided by the SAO/NASA Astrophysics Data System}
}

@ARTICLE{salim07,
   author = {{Salim}, S. and {Rich}, R.~M. and {Charlot}, S. and {Brinchmann}, J. and 
	{Johnson}, B.~D. and {Schiminovich}, D. and {Seibert}, M. and 
	{Mallery}, R. and {Heckman}, T.~M. and {Forster}, K. and {Friedman}, P.~G. and 
	{Martin}, D.~C. and {Morrissey}, P. and {Neff}, S.~G. and {Small}, T. and 
	{Wyder}, T.~K. and {Bianchi}, L. and {Donas}, J. and {Lee}, Y.-W. and 
	{Madore}, B.~F. and {Milliard}, B. and {Szalay}, A.~S. and {Welsh}, B.~Y. and 
	{Yi}, S.~K.},
    title = "{UV Star Formation Rates in the Local Universe}",
  journal = {\apjs},
archivePrefix = "arXiv",
   eprint = {0704.3611},
 keywords = {Galaxies: Active, Galaxies: Evolution, Galaxies: Fundamental Parameters, Surveys, Ultraviolet: Galaxies},
     year = 2007,
    month = dec,
   volume = 173,
    pages = {267-292},
      doi = {10.1086/519218},
   adsurl = {http://adsabs.harvard.edu/abs/2007ApJS..173..267S},
  adsnote = {Provided by the SAO/NASA Astrophysics Data System}
}


@ARTICLE{schaye04,
   author = {{Schaye}, J.},
    title = "{Star Formation Thresholds and Galaxy Edges: Why and Where}",
  journal = {\apj},
   eprint = {astro-ph/0205125},
 keywords = {Galaxies: Evolution, Galaxies: Formation, Galaxies: ISM, ISM: Clouds, Stars: Formation},
     year = 2004,
    month = jul,
   volume = 609,
    pages = {667-682},
      doi = {10.1086/421232},
   adsurl = {http://adsabs.harvard.edu/abs/2004ApJ...609..667S},
  adsnote = {Provided by the SAO/NASA Astrophysics Data System}
}

@ARTICLE{schmidt59,
   author = {{Schmidt}, M.},
    title = "{The Rate of Star Formation.}",
  journal = {\apj},
     year = 1959,
    month = mar,
   volume = 129,
    pages = {243},
      doi = {10.1086/146614},
   adsurl = {http://adsabs.harvard.edu/abs/1959ApJ...129..243S},
  adsnote = {Provided by the SAO/NASA Astrophysics Data System}
}

@ARTICLE{schruba11,
   author = {{Schruba}, A. and {Leroy}, A.~K. and {Walter}, F. and {Bigiel}, F. and 
	{Brinks}, E. and {de Blok}, W.~J.~G. and {Dumas}, G. and {Kramer}, C. and 
	{Rosolowsky}, E. and {Sandstrom}, K. and {Schuster}, K. and 
	{Usero}, A. and {Weiss}, A. and {Wiesemeyer}, H.},
    title = "{A Molecular Star Formation Law in the Atomic-gas-dominated Regime in Nearby Galaxies}",
  journal = {\aj},
archivePrefix = "arXiv",
   eprint = {1105.4605},
 primaryClass = "astro-ph.CO",
 keywords = {galaxies: evolution, galaxies: ISM, radio lines: galaxies, stars: formation},
     year = 2011,
    month = aug,
   volume = 142,
      eid = {37},
    pages = {37},
      doi = {10.1088/0004-6256/142/2/37},
   adsurl = {http://adsabs.harvard.edu/abs/2011AJ....142...37S},
  adsnote = {Provided by the SAO/NASA Astrophysics Data System}
}
	
@ARTICLE{shenWadsley10,
   author = {{Shen}, S. and {Wadsley}, J. and {Stinson}, G.},
    title = "{The enrichment of the intergalactic medium with adiabatic feedback - I. Metal cooling and metal diffusion}",
  journal = {\mnras},
archivePrefix = "arXiv",
   eprint = {0910.5956},
 primaryClass = "astro-ph.CO",
 keywords = {diffusion, hydrodynamics, methods: numerical, intergalactic medium, large-scale structure of Universe},
     year = 2010,
    month = sep,
   volume = 407,
    pages = {1581-1596},
      doi = {10.1111/j.1365-2966.2010.17047.x},
   adsurl = {http://adsabs.harvard.edu/abs/2010MNRAS.407.1581S},
  adsnote = {Provided by the SAO/NASA Astrophysics Data System}
}

@ARTICLE{shetty11,
   author = {{Shetty}, R. and {Glover}, S.~C. and {Dullemond}, C.~P. and 
	{Klessen}, R.~S.},
    title = "{Modelling CO emission - I. CO as a column density tracer and the X factor in molecular clouds}",
  journal = {\mnras},
archivePrefix = "arXiv",
   eprint = {1011.2019},
 primaryClass = "astro-ph.GA",
 keywords = {methods: numerical, stars: formation, ISM: clouds, ISM: molecules, ISM: structure},
     year = 2011,
    month = apr,
   volume = 412,
    pages = {1686-1700},
      doi = {10.1111/j.1365-2966.2010.18005.x},
   adsurl = {http://adsabs.harvard.edu/abs/2011MNRAS.412.1686S},
  adsnote = {Provided by the SAO/NASA Astrophysics Data System}
}

@ARTICLE{shettyOstriker12,
   author = {{Shetty}, R. and {Ostriker}, E.~C.},
    title = "{Maximally Star-forming Galactic Disks. II. Vertically Resolved Hydrodynamic Simulations of Starburst Regulation}",
  journal = {\apj},
archivePrefix = "arXiv",
   eprint = {1205.3174},
 primaryClass = "astro-ph.CO",
 keywords = {galaxies: ISM, galaxies: kinematics and dynamics, galaxies: starburst, galaxies: star formation, ISM: structure, turbulence},
     year = 2012,
    month = jul,
   volume = 754,
      eid = {2},
    pages = {2},
      doi = {10.1088/0004-637X/754/1/2},
   adsurl = {http://adsabs.harvard.edu/abs/2012ApJ...754....2S},
  adsnote = {Provided by the SAO/NASA Astrophysics Data System}
}

@ARTICLE{solomon05,
   author = {{Solomon}, P.~M. and {Vanden Bout}, P.~A.},
    title = "{Molecular Gas at High Redshift}",
  journal = {\araa},
   eprint = {astro-ph/0508481},
     year = 2005,
    month = sep,
   volume = 43,
    pages = {677-725},
      doi = {10.1146/annurev.astro.43.051804.102221},
   adsurl = {http://adsabs.harvard.edu/abs/2005ARA%26A..43..677S},
  adsnote = {Provided by the SAO/NASA Astrophysics Data System}
}
	
@PHDTHESIS{stadel01,
   author = {{Stadel}, J.~G.},
    title = "{Cosmological N-body simulations and their analysis}",
   school = {UNIVERSITY OF WASHINGTON},
     year = 2001,
   adsurl = {http://adsabs.harvard.edu/abs/2001PhDT........21S},
  adsnote = {Provided by the SAO/NASA Astrophysics Data System}
}

@ARTICLE{stinson06,
   author = {{Stinson}, G. and {Seth}, A. and {Katz}, N. and {Wadsley}, J. and 
	{Governato}, F. and {Quinn}, T.},
    title = "{Star formation and feedback in smoothed particle hydrodynamic simulations - I. Isolated galaxies}",
  journal = {\mnras},
   eprint = {astro-ph/0602350},
 keywords = {hydrodynamics, methods: N-body simulations, stars: formation, Galaxy: evolution},
     year = 2006,
    month = dec,
   volume = 373,
    pages = {1074-1090},
      doi = {10.1111/j.1365-2966.2006.11097.x},
   adsurl = {http://adsabs.harvard.edu/abs/2006MNRAS.373.1074S},
  adsnote = {Provided by the SAO/NASA Astrophysics Data System}
}

@ARTICLE{tamburro09,
   author = {{Tamburro}, D. and {Rix}, H.-W. and {Leroy}, A.~K. and {Mac Low}, M.-M. and 
	{Walter}, F. and {Kennicutt}, R.~C. and {Brinks}, E. and {de Blok}, W.~J.~G.
	},
    title = "{What is Driving the H I Velocity Dispersion?}",
  journal = {\aj},
archivePrefix = "arXiv",
   eprint = {0903.0183},
 primaryClass = "astro-ph.GA",
 keywords = {galaxies: dwarf, galaxies: evolution, galaxies: ISM, galaxies: kinematics and dynamics, galaxies: spiral, stars: formation},
     year = 2009,
    month = may,
   volume = 137,
    pages = {4424-4435},
      doi = {10.1088/0004-6256/137/5/4424},
   adsurl = {http://adsabs.harvard.edu/abs/2009AJ....137.4424T},
  adsnote = {Provided by the SAO/NASA Astrophysics Data System}
}


@article{tasker09,
	Adsnote = {Provided by the SAO/NASA Astrophysics Data System},
	Adsurl = {http://adsabs.harvard.edu/abs/2009ApJ...700..358T},
	Archiveprefix = {arXiv},
	Author = {{Tasker}, E.~J. and {Tan}, J.~C.},
	Doi = {10.1088/0004-637X/700/1/358},
	Eprint = {0811.0207},
	Journal = {\apj},
	Keywords = {galaxies: ISM, galaxies: spiral, galaxies: star clusters, ISM: clouds, ISM: structure, methods: numerical, stars: formation},
	Month = jul,
	Pages = {358-375},
	Title = {{Star Formation in Disk Galaxies. I. Formation and Evolution of Giant Molecular Clouds via Gravitational Instability and Cloud Collisions}},
	Volume = 700,
	Year = 2009,
	Bdsk-Url-1 = {http://dx.doi.org/10.1088/0004-637X/700/1/358}}

@article{tasker11,
	Adsnote = {Provided by the SAO/NASA Astrophysics Data System},
	Adsurl = {http://adsabs.harvard.edu/abs/2011ApJ...730...11T},
	Archiveprefix = {arXiv},
	Author = {{Tasker}, E.~J.},
	Doi = {10.1088/0004-637X/730/1/11},
	Eid = {11},
	Eprint = {1101.1534},
	Journal = {\apj},
	Keywords = {galaxies: ISM, galaxies: spiral, galaxies: star clusters: general, ISM: clouds, ISM: structure, methods: numerical, stars: formation},
	Month = mar,
	Pages = {11},
	Primaryclass = {astro-ph.GA},
	Title = {{Star Formation in Disk Galaxies. II. The Effect Of Star Formation and Photoelectric Heating on the Formation and Evolution of Giant Molecular Clouds}},
	Volume = 730,
	Year = 2011,
	Bdsk-Url-1 = {http://dx.doi.org/10.1088/0004-637X/730/1/11}}

@ARTICLE{THINGSpaper,
   author = {{Walter}, F. and {Brinks}, E. and {de Blok}, W.~J.~G. and {Bigiel}, F. and 
	{Kennicutt}, Jr., R.~C. and {Thornley}, M.~D. and {Leroy}, A.
	},
    title = "{THINGS: The H I Nearby Galaxy Survey}",
  journal = {\aj},
archivePrefix = "arXiv",
   eprint = {0810.2125},
 keywords = {galaxies: ISM, galaxies: structure, ISM: atoms, ISM: general, radio lines: galaxies, surveys},
     year = 2008,
    month = dec,
   volume = 136,
      eid = {2563},
    pages = {2563-2647},
      doi = {10.1088/0004-6256/136/6/2563},
   adsurl = {http://adsabs.harvard.edu/abs/2008AJ....136.2563W},
  adsnote = {Provided by the SAO/NASA Astrophysics Data System}
}

@BOOK{tielensBook,
   author = {{Tielens}, A.~G.~G.~M.},
    title = "{The Physics and Chemistry of the Interstellar Medium}",
booktitle = {The Physics and Chemistry of the Interstellar Medium, by A.~G.~G.~M.~Tielens, pp.~.~ISBN 0521826349.~Cambridge, UK: Cambridge University Press,  2005.},
     year = 2005,
    month = aug,
   adsurl = {http://adsabs.harvard.edu/abs/2005pcim.book.....T},
  adsnote = {Provided by the SAO/NASA Astrophysics Data System}
}

@ARTICLE{turk11,
   author = {{Turk}, M.~J. and {Smith}, B.~D. and {Oishi}, J.~S. and {Skory}, S. and 
	{Skillman}, S.~W. and {Abel}, T. and {Norman}, M.~L.},
    title = "{yt: A Multi-code Analysis Toolkit for Astrophysical Simulation Data}",
  journal = {\apjs},
archivePrefix = "arXiv",
   eprint = {1011.3514},
 primaryClass = "astro-ph.IM",
 keywords = {cosmology: theory, methods: data analysis, methods: numerical},
     year = 2011,
    month = jan,
   volume = 192,
      eid = {9},
    pages = {9},
      doi = {10.1088/0067-0049/192/1/9},
   adsurl = {http://adsabs.harvard.edu/abs/2011ApJS..192....9T},
  adsnote = {Provided by the SAO/NASA Astrophysics Data System}
}

@article{wadsley04,
	Adsnote = {Provided by the SAO/NASA Astrophysics Data System},
	Adsurl = {http://adsabs.harvard.edu/abs/2004NewA....9..137W},
	Author = {{Wadsley}, J.~W. and {Stadel}, J. and {Quinn}, T.},
	Doi = {10.1016/j.newast.2003.08.004},
	Eprint = {arXiv:astro-ph/0303521},
	Journal = {\na},
	Keywords = {Hydrodynamics, Methods: numerical, Methods: n-body simulations, Dark matter},
	Month = feb,
	Pages = {137-158},
	Title = {{Gasoline: a flexible, parallel implementation of TreeSPH}},
	Volume = 9,
	Year = 2004,
	Bdsk-Url-1 = {http://dx.doi.org/10.1016/j.newast.2003.08.004}
}
	
@ARTICLE{wardPrep,
   author = {{Ward}, R.~L. and {Benincasa}, S.~M. and {Wadsley}, J.~W. and {Sills}, A. and {Couchman}, H.~M.~P.},
    title = "Title",
     year = {{in ~prep.}},
}
	
@ARTICLE{watson72,
   author = {{Watson}, W.~D.},
    title = "{Heating of Interstellar H i Clouds by Ultraviolet Photoelectron Emission from Grains}",
  journal = {\apj},
     year = 1972,
    month = aug,
   volume = 176,
    pages = {103},
      doi = {10.1086/151613},
   adsurl = {http://adsabs.harvard.edu/abs/1972ApJ...176..103W},
  adsnote = {Provided by the SAO/NASA Astrophysics Data System}
}
	
@ARTICLE{wolfire2003,
   author = {{Wolfire}, M.~G. and {McKee}, C.~F. and {Hollenbach}, D. and 
	{Tielens}, A.~G.~G.~M.},
    title = "{Neutral Atomic Phases of the Interstellar Medium in the Galaxy}",
  journal = {\apj},
   eprint = {astro-ph/0207098},
 keywords = {ISM: Clouds, ISM: General, ISM: Structure},
     year = 2003,
    month = apr,
   volume = 587,
    pages = {278-311},
      doi = {10.1086/368016},
   adsurl = {http://adsabs.harvard.edu/abs/2003ApJ...587..278W},
  adsnote = {Provided by the SAO/NASA Astrophysics Data System}
}

@ARTICLE{woodsRT,
   author = {{Woods}, R.~M. and {Wadsley}, J.~W. and {Couchman}, H.~M.~P.},
    title = "Title",
     year = {{in ~prep.}},
}

@ARTICLE{wyder09,
   author = {{Wyder}, T.~K. and {Martin}, D.~C. and {Barlow}, T.~A. and {Foster}, K. and 
	{Friedman}, P.~G. and {Morrissey}, P. and {Neff}, S.~G. and 
	{Neill}, J.~D. and {Schiminovich}, D. and {Seibert}, M. and 
	{Bianchi}, L. and {Donas}, J. and {Heckman}, T.~M. and {Lee}, Y.-W. and 
	{Madore}, B.~F. and {Milliard}, B. and {Rich}, R.~M. and {Szalay}, A.~S. and 
	{Yi}, S.~K.},
    title = "{The Star Formation Law at Low Surface Density}",
  journal = {\apj},
archivePrefix = "arXiv",
   eprint = {0903.3015},
 primaryClass = "astro-ph.CO",
 keywords = {galaxies: evolution, galaxies: irregular, galaxies: ISM, galaxies: spiral, ultraviolet: galaxies},
     year = 2009,
    month = may,
   volume = 696,
    pages = {1834-1853},
      doi = {10.1088/0004-637X/696/2/1834},
   adsurl = {http://adsabs.harvard.edu/abs/2009ApJ...696.1834W},
  adsnote = {Provided by the SAO/NASA Astrophysics Data System}
}

@ARTICLE{candels,
   author = {{Koekemoer}, A.~M. and {Faber}, S.~M. and {Ferguson}, H.~C. and 
	{Grogin}, N.~A. and {Kocevski}, D.~D. and {Koo}, D.~C. and {Lai}, K. and 
	{Lotz}, J.~M. and {Lucas}, R.~A. and {McGrath}, E.~J. and {Ogaz}, S. and 
	{Rajan}, A. and {Riess}, A.~G. and {Rodney}, S.~A. and {Strolger}, L. and 
	{Casertano}, S. and {Castellano}, M. and {Dahlen}, T. and {Dickinson}, M. and 
	{Dolch}, T. and {Fontana}, A. and {Giavalisco}, M. and {Grazian}, A. and 
	{Guo}, Y. and {Hathi}, N.~P. and {Huang}, K.-H. and {van der Wel}, A. and 
	{Yan}, H.-J. and {Acquaviva}, V. and {Alexander}, D.~M. and 
	{Almaini}, O. and {Ashby}, M.~L.~N. and {Barden}, M. and {Bell}, E.~F. and 
	{Bournaud}, F. and {Brown}, T.~M. and {Caputi}, K.~I. and {Cassata}, P. and 
	{Challis}, P.~J. and {Chary}, R.-R. and {Cheung}, E. and {Cirasuolo}, M. and 
	{Conselice}, C.~J. and {Roshan Cooray}, A. and {Croton}, D.~J. and 
	{Daddi}, E. and {Dav{\'e}}, R. and {de Mello}, D.~F. and {de Ravel}, L. and 
	{Dekel}, A. and {Donley}, J.~L. and {Dunlop}, J.~S. and {Dutton}, A.~A. and 
	{Elbaz}, D. and {Fazio}, G.~G. and {Filippenko}, A.~V. and {Finkelstein}, S.~L. and 
	{Frazer}, C. and {Gardner}, J.~P. and {Garnavich}, P.~M. and 
	{Gawiser}, E. and {Gruetzbauch}, R. and {Hartley}, W.~G. and 
	{H{\"a}ussler}, B. and {Herrington}, J. and {Hopkins}, P.~F. and 
	{Huang}, J.-S. and {Jha}, S.~W. and {Johnson}, A. and {Kartaltepe}, J.~S. and 
	{Khostovan}, A.~A. and {Kirshner}, R.~P. and {Lani}, C. and 
	{Lee}, K.-S. and {Li}, W. and {Madau}, P. and {McCarthy}, P.~J. and 
	{McIntosh}, D.~H. and {McLure}, R.~J. and {McPartland}, C. and 
	{Mobasher}, B. and {Moreira}, H. and {Mortlock}, A. and {Moustakas}, L.~A. and 
	{Mozena}, M. and {Nandra}, K. and {Newman}, J.~A. and {Nielsen}, J.~L. and 
	{Niemi}, S. and {Noeske}, K.~G. and {Papovich}, C.~J. and {Pentericci}, L. and 
	{Pope}, A. and {Primack}, J.~R. and {Ravindranath}, S. and {Reddy}, N.~A. and 
	{Renzini}, A. and {Rix}, H.-W. and {Robaina}, A.~R. and {Rosario}, D.~J. and 
	{Rosati}, P. and {Salimbeni}, S. and {Scarlata}, C. and {Siana}, B. and 
	{Simard}, L. and {Smidt}, J. and {Snyder}, D. and {Somerville}, R.~S. and 
	{Spinrad}, H. and {Straughn}, A.~N. and {Telford}, O. and {Teplitz}, H.~I. and 
	{Trump}, J.~R. and {Vargas}, C. and {Villforth}, C. and {Wagner}, C.~R. and 
	{Wandro}, P. and {Wechsler}, R.~H. and {Weiner}, B.~J. and {Wiklind}, T. and 
	{Wild}, V. and {Wilson}, G. and {Wuyts}, S. and {Yun}, M.~S.
	},
    title = "{CANDELS: The Cosmic Assembly Near-infrared Deep Extragalactic Legacy Survey{\mdash}The Hubble Space Telescope Observations, Imaging Data Products, and Mosaics}",
  journal = {\apjs},
archivePrefix = "arXiv",
   eprint = {1105.3754},
 primaryClass = "astro-ph.CO",
 keywords = {cosmology: observations, galaxies: high-redshift},
     year = 2011,
    month = dec,
   volume = 197,
      eid = {36},
    pages = {36},
      doi = {10.1088/0067-0049/197/2/36},
   adsurl = {http://adsabs.harvard.edu/abs/2011ApJS..197...36K},
  adsnote = {Provided by the SAO/NASA Astrophysics Data System}
}
